@book{klenke,
title =     {Wahrscheinlichkeitstheorie},
author =    {Achim Klenke},
publisher = {Springer Spektrum},
year =      2020,
series =    {Masterclass}}
@book{nielsen,
title =     {An Introduction to Integration and Measure Theory},
author =    {Ole A. Nielsen},
publisher = {Wiley-Interscience},
year =      1997}
@book{hesse,
title={Angewandte Wahrscheinlichkeitstheorie},
author={Hesse, Christian H},
year={2003},
publisher={Springer-Verlag}
}